<?xml version="1.0" encoding="UTF-8"?><collection xmlns="http://www.loc.gov/MARC21/slim"><record><leader>00382nam--2200145-i-4500</leader><controlfield tag="001">000029593</controlfield><controlfield tag="002">20161230</controlfield><controlfield tag="005">20161230201037</controlfield><controlfield tag="008">060222s1000------------r-----000-0-eng-d</controlfield><datafield ind1=" " ind2=" " tag="080"><subfield code="a">512.973/974</subfield></datafield><datafield ind1=" " ind2=" " tag="100"><subfield code="a">Ladon,  I.F</subfield></datafield><datafield ind1=" " ind2=" " tag="245"><subfield code="a">BAZELE CALCULULUI VECTORIAL. Vol. II</subfield></datafield><datafield ind1=" " ind2=" " tag="260"><subfield code="a">Bucuresti, Editura De Stat, 1949. 223-226p</subfield></datafield><datafield ind1=" " ind2=" " tag="852"><subfield code="a">1655</subfield><subfield code="c">6371</subfield></datafield><datafield ind1=" " ind2=" " tag="CAT"><subfield code="a">Sys</subfield><subfield code="c">20080526</subfield><subfield code="h">082749</subfield></datafield></record></collection>